<record><leader>00000cas a22000007a 4500</leader><controlfield tag="001">17160073</controlfield><controlfield tag="008">871202d193119uumouwr ne      0    0eng d</controlfield><datafield ind1=" " ind2=" " tag="010"><subfield code="a">sn 93060012 </subfield></datafield><datafield ind1=" " ind2=" " tag="040"><subfield code="a">KCP</subfield><subfield code="b">eng</subfield><subfield code="c">KCP</subfield><subfield code="d">MQN</subfield><subfield code="d">OCLCQ</subfield></datafield><datafield ind1=" " ind2=" " tag="092"><subfield code="a">071</subfield><subfield code="b">N87</subfield></datafield><datafield ind1="0" ind2="0" tag="245"><subfield code="a">North-East Kansas Citian.</subfield></datafield><datafield ind1=" " ind2=" " tag="260"><subfield code="a">Kansas City, Mo. :</subfield><subfield code="b">N.A. House</subfield></datafield><datafield ind1=" " ind2=" " tag="300"><subfield code="a">v.</subfield></datafield><datafield ind1=" " ind2=" " tag="310"><subfield code="a">Weekly</subfield></datafield><datafield ind1=" " ind2=" " tag="588"><subfield code="a">Description based on: Vol. 1, no. 7 (May 14, 1931).</subfield></datafield><datafield ind1=" " ind2="4" tag="651"><subfield code="a">Kansas City (Mo.)</subfield><subfield code="v">Newspapers.</subfield></datafield><datafield ind1=" " ind2=" " tag="752"><subfield code="a">United States</subfield><subfield code="b">Missouri</subfield><subfield code="c">Jackson</subfield><subfield code="d">Kansas City.</subfield></datafield></record>